<collection xmlns="http://www.loc.gov/MARC21/slim">
<record>
  <leader>01191nam0a22002651i 450 </leader>
  <controlfield tag="001">IT\ICCU\CNCE\071977</controlfield>
  <controlfield tag="005">20160823000000.0</controlfield>
  <datafield tag="012" ind1=" " ind2=" ">
    <subfield code="a">uiio hesu lo,a romo (C) 1558 (Q)</subfield>
    <subfield code="2">fei</subfield>
  </datafield>
  <datafield tag="100" ind1=" " ind2=" ">
    <subfield code="a">20071107f1558        0itac0103    ba</subfield>
  </datafield>
  <datafield tag="101" ind1=" " ind2=" ">
    <subfield code="a">ITA</subfield>
  </datafield>
  <datafield tag="102" ind1=" " ind2=" ">
    <subfield code="a">CH</subfield>
  </datafield>
  <datafield tag="200" ind1="1" ind2=" ">
    <subfield code="a">℗La ℗seconda parte delle prediche, di m. Bernardino Ochino senese, diligentemente corrette</subfield>
  </datafield>
  <datafield tag="210" ind1=" " ind2=" ">
    <subfield code="d">\dopo il 1558!</subfield>
  </datafield>
  <datafield tag="215" ind1=" " ind2=" ">
    <subfield code="a">\264! c.</subfield>
    <subfield code="d">8ʻ</subfield>
  </datafield>
  <datafield tag="300" ind1=" " ind2=" ">
    <subfield code="a">Stampato a Basilea da Pietro Perna. Cfr.: L. Perini, La vita e i tempi di Pietro Perna, p. 500, n. 380</subfield>
  </datafield>
  <datafield tag="620" ind1=" " ind2=" ">
    <subfield code="a">CH</subfield>
    <subfield code="d">Basilea</subfield>
  </datafield>
  <datafield tag="700" ind1=" " ind2="1">
    <subfield code="a">Ochino,</subfield>
    <subfield code="b">Bernardino</subfield>
    <subfield code="3">IT\ICCU\CNCA\007489</subfield>
  </datafield>
  <datafield tag="712" ind1="0" ind2="0">
    <subfield code="a">Perna, Pietro</subfield>
    <subfield code="3">IT\ICCU\CNCT\000136</subfield>
    <subfield code="4">650</subfield>
  </datafield>
  <datafield tag="790" ind1=" " ind2="0">
    <subfield code="a">Serafino</subfield>
    <subfield code="c"> : da#Piacenza</subfield>
    <subfield code="3">IT\ICCU\CNCA\028686</subfield>
    <subfield code="z">Ochino, Bernardino</subfield>
  </datafield>
  <datafield tag="790" ind1=" " ind2="0">
    <subfield code="a">Bernardino</subfield>
    <subfield code="c"> : da#Siena</subfield>
    <subfield code="3">IT\ICCU\CNCA\028690</subfield>
    <subfield code="z">Ochino, Bernardino</subfield>
  </datafield>
  <datafield tag="790" ind1=" " ind2="0">
    <subfield code="a">Tommaso</subfield>
    <subfield code="c"> : da#Siena</subfield>
    <subfield code="3">IT\ICCU\CNCA\029720</subfield>
    <subfield code="z">Ochino, Bernardino</subfield>
  </datafield>
  <datafield tag="801" ind1=" " ind2="3">
    <subfield code="a">IT</subfield>
    <subfield code="b">ICCU</subfield>
    <subfield code="c">20201115</subfield>
  </datafield>
  <datafield tag="899" ind1=" " ind2=" ">
    <subfield code="a">Biblioteca nazionale centrale. Firenze</subfield>
    <subfield code="1">FI0098</subfield>
    <subfield code="2">CFI CF</subfield>
  </datafield>
  <datafield tag="899" ind1=" " ind2=" ">
    <subfield code="a">Biblioteca dell&apos;Istituto italiano per gli studi storici. Napoli</subfield>
    <subfield code="1">NA0120</subfield>
    <subfield code="2">NAP CR</subfield>
  </datafield>
  <datafield tag="899" ind1=" " ind2=" ">
    <subfield code="a">Biblioteca centrale dei frati minori cappuccini. Roma</subfield>
    <subfield code="1">RM0315</subfield>
    <subfield code="2">ZRM 52</subfield>
  </datafield>
</record>
</collection>
